%% http://citeseerx.ist.psu.edu/viewdoc/summary?doi=10.1.1.24.3690
@inproceedings{Fox1999bs,
author = {Fox, Armando and Brewer, Eric A},
title = {Harvest, Yield, and Scalable Tolerant Systems},
booktitle = {7th Workshop on Hot Topics in Operating Systems (HotOS)},
year = {1999},
pages = {174--178},
month = mar,
doi = {10.1109/HOTOS.1999.798396}
}

@inproceedings{Brewer2012tr,
author = {Brewer, Eric A},
title = {{NoSQL: Past, Present, Future}},
booktitle = {QCon San Francisco},
year = {2012},
month = nov,
url = {http://www.infoq.com/presentations/NoSQL-History}
}

%% http://groups.csail.mit.edu/tds/papers/Gilbert/Brewer2.pdf
@article{Gilbert2012bf,
author = {Gilbert, Seth and Lynch, Nancy},
title = {Perspectives on the {CAP} Theorem},
journal = {IEEE Computer Magazine},
year = {2012},
volume = {45},
number = {2},
pages = {30--36},
month = feb,
doi = {10.1109/MC.2011.389}
}

%% http://cs609.cs.ua.edu/CAP12.pdf
@article{Brewer2012ba,
author = {Brewer, Eric A},
title = {{CAP} Twelve Years Later: How the ``Rules'' Have Changed},
journal = {IEEE Computer Magazine},
year = {2012},
volume = {45},
number = {2},
pages = {23--29},
month = feb,
doi = {10.1109/MC.2012.37}
}

%% http://lpd.epfl.ch/sgilbert/pubs/BrewersConjecture-SigAct.pdf
@article{Gilbert2002il,
author = {Gilbert, Seth and Lynch, Nancy},
title = {Brewer's Conjecture and the Feasibility of Consistent, Available, Partition-Tolerant Web Services},
journal = {ACM SIGACT News},
year = {2002},
volume = {33},
number = {2},
pages = {51--59},
doi = {10.1145/564585.564601}
}

%% http://www.cs.berkeley.edu/~brewer/cs262b-2004/PODC-keynote.pdf
@inproceedings{Brewer2000vd,
author = {Brewer, Eric A},
title = {Towards Robust Distributed Systems (Keynote)},
booktitle = {19th ACM Symposium on Principles of Distributed Computing (PODC)},
year = {2000},
month = jul
}

%% http://cs-www.cs.yale.edu/homes/dna/papers/abadi-pacelc.pdf
@article{Abadi2012hb,
author = {Abadi, Daniel J},
title = {Consistency Tradeoffs in Modern Distributed Database System Design},
journal = {IEEE Computer Magazine},
year = {2012},
volume = {45},
number = {2},
pages = {37--42},
month = feb,
doi = {10.1109/MC.2012.33}
}

%% http://groups.csail.mit.edu/tds/papers/Lynch/podc89.pdf
@inproceedings{Lynch1989kj,
author = {Lynch, Nancy A},
title = {A Hundred Impossibility Proofs for Distributed Computing},
booktitle = {8th ACM Symposium on Principles of Distributed Computing (PODC)},
year = {1989},
pages = {1--28},
month = aug,
doi = {10.1145/72981.72982}
}

%% http://courses.csail.mit.edu/6.852/01/papers/p91-attiya.pdf
@article{Attiya1994gw,
author = {Attiya, Hagit and Welch, Jennifer L},
title = {Sequential Consistency versus Linearizability},
journal = {ACM Transactions on Computer Systems (TOCS)},
year = {1994},
volume = {12},
number = {2},
pages = {91--122},
month = may,
doi = {10.1145/176575.176576}
}

%% http://www.cse.huji.ac.il/course/2004/dist/p124-attiya.pdf
@article{Attiya1995bm,
author = {Attiya, Hagit and Bar-Noy, Amotz and Dolev, Danny},
title = {Sharing memory robustly in message-passing systems},
journal = {Journal of the ACM},
year = {1995},
volume = {42},
number = {1},
pages = {124--142},
month = jan,
doi = {10.1145/200836.200869}
}

%% http://charlotte.ucsd.edu/classes/sp00/cse223/flp.pdf
@article{Fischer1985tt,
author = {Fischer, Michael J and Lynch, Nancy and Paterson, Michael S},
title = {Impossibility of Distributed Consensus with One Faulty Process},
journal = {Journal of the ACM},
year = {1985},
volume = {32},
number = {2},
pages = {374--382},
month = apr,
doi = {10.1145/3149.214121}
}

@webpage{Darcy2010ta,
author = {Darcy, Jeff},
title = {When Partitions Attack},
year = {2010},
month = oct,
url = {http://pl.atyp.us/wordpress/index.php/2010/10/when-partitions-attack/}
}

@webpage{Robinson2010tp,
author = {Robinson, Henry},
title = {{CAP} Confusion: Problems with `partition tolerance'},
year = {2010},
month = apr,
url = {http://blog.cloudera.com/blog/2010/04/cap-confusion-problems-with-partition-tolerance/}
}

%% http://apps.cs.utexas.edu/tech_reports/reports/tr/TR-2036.pdf
@techreport{Mahajan2011wz,
author = {Mahajan, Prince and Alvisi, Lorenzo and Dahlin, Mike},
title = {Consistency, Availability, and Convergence},
year = {2011},
number = {UTCS TR-11-22},
month = may,
institution = {University of Texas at Austin, Department of Computer Science}
}

@misc{Johnson1975we,
author = {Johnson, Paul R and Thomas, Robert H},
title = {{RFC} 677: The Maintenance of Duplicate Databases},
howpublished = {Network Working Group},
year = {1975},
month = jan,
url = {https://tools.ietf.org/html/rfc677}
}

%% http://domino.research.ibm.com/library/cyberdig.nsf/papers/A776EC17FC2FCE73852579F100578964/$File/RJ2571.pdf
@techreport{Lindsay1979wv,
author = {Lindsay, Bruce G and Selinger, Patricia Griffiths and Galtieri, C and Gray, Jim N and Lorie, Raymond A and Price, Thomas G and Putzolu, Gianfranco R and Traiger, Irving L and Wade, Bradford W},
title = {Notes on Distributed Databases},
year = {1979},
number = {RJ2571(33471)},
month = jul,
institution = {IBM Research}
}

%% http://delab.csd.auth.gr/~dimitris/courses/mpc_fall05/papers/invalidation/acm_csur85_partitioned_network_consistency.pdf
@article{Davidson1985hv,
author = {Davidson, Susan B and Garcia-Molina, Hector and Skeen, Dale},
title = {Consistency in Partitioned Networks},
journal = {ACM Computing Surveys},
year = {1985},
volume = {17},
number = {3},
pages = {341--370},
month = sep,
doi = {10.1145/5505.5508}
}

%% http://www.cl.cam.ac.uk/~pes20/weakmemory/cacm.pdf
@article{Sewell2010fj,
author = {Sewell, Peter and Sarkar, Susmit and Owens, Scott and Zappa Nardelli, Francesco and Myreen, Magnus O},
title = {{x86-TSO}: A Rigorous and Usable Programmer's Model for {x86} Multiprocessors},
journal = {Communications of the ACM},
year = {2010},
volume = {53},
number = {7},
pages = {89--97},
month = jul,
doi = {10.1145/1785414.1785443}
}
